% Documentación oficial
@misc{android_dev,
  author = {{Android Developers}},
  title = {Android Developers Documentation},
  year = {2024},
  url = {https://developer.android.com/docs},
  urldate = {2024-01-15}
}

@misc{java_oracle,
  author = {{Oracle Corporation}},
  title = {Java Documentation},
  year = {2024},
  url = {https://docs.oracle.com/en/java/},
  urldate = {2024-01-10}
}

% Arquitectura y componentes
@misc{android_architecture,
  author = {{Android Developers}},
  title = {Guide to app architecture},
  year = {2023},
  url = {https://developer.android.com/topic/architecture},
  urldate = {2024-01-15}
}

@misc{room_documentation,
  author = {{Android Developers}},
  title = {Room Persistence Library},
  year = {2023},
  url = {https://developer.android.com/training/data-storage/room},
  urldate = {2024-01-15}
}

@misc{mvvm_pattern,
  author = {{Microsoft}},
  title = {The MVVM Pattern},
  year = {2012},
  url = {https://docs.microsoft.com/en-us/previous-versions/msp-n-p/hh848246(v=pandp.10)},
  urldate = {2024-01-10}
}

% Material Design
@misc{material_design,
  author = {{Google}},
  title = {Material Design},
  year = {2023},
  url = {https://material.io/design},
  urldate = {2024-01-15}
}

% Librerías específicas
@misc{circleimageview_lib,
  author = {Henning Dodenhof},
  title = {CircleImageView},
  year = {2021},
  url = {https://github.com/hdodenhof/CircleImageView},
  urldate = {2024-01-10}
}

% Desarrollo en Android
@book{android_programming,
  author = {Phillips, Bill and Stewart, Chris and Marsicano, Kristin},
  title = {Android Programming: The Big Nerd Ranch Guide},
  publisher = {Big Nerd Ranch},
  year = {2021},
  edition = {5},
  isbn = {978-0137554225}
}

@book{effective_java,
  author = {Bloch, Joshua},
  title = {Effective Java},
  publisher = {Addison-Wesley},
  year = {2018},
  edition = {3},
  isbn = {978-0134685991}
}

% Recursos sobre UX/UI
@misc{androidUIUX,
  author = {{Material.io}},
  title = {Android UI/UX Guidelines},
  year = {2023},
  url = {https://material.io/design/guidelines-overview},
  urldate = {2023-12-15}
}

% Buenas prácticas en desarrollo móvil
@misc{android_best_practices,
  author = {Futurice},
  title = {Android Best Practices},
  year = {2022},
  url = {https://github.com/futurice/android-best-practices},
  urldate = {2023-12-20}
}

% Artículos sobre persistencia de datos
@article{sqlite_android,
  author = {Gargenta, Marko},
  title = {Learning Android: Building Applications for the Android Market},
  journal = {O'Reilly Media},
  year = {2011},
  isbn = {978-1449390501},
  pages = {135-160}
}

% Multilenguaje en Android
@misc{android_localization,
  author = {{Android Developers}},
  title = {Localize your app},
  year = {2023},
  url = {https://developer.android.com/guide/topics/resources/localization},
  urldate = {2024-01-05}
}

% Bibliotecas de libros (relevante para el tema de la aplicación)
@misc{google_books_api,
  author = {{Google}},
  title = {Google Books APIs},
  year = {2023},
  url = {https://developers.google.com/books},
  urldate = {2023-12-10}
}

% Fragmentos en Android
@misc{android_fragments,
  author = {{Android Developers}},
  title = {Fragments},
  year = {2023},
  url = {https://developer.android.com/guide/fragments},
  urldate = {2024-01-05}
}

% Notificaciones en Android
@misc{android_notifications,
  author = {{Android Developers}},
  title = {Create and manage notifications},
  year = {2023},
  url = {https://developer.android.com/develop/ui/views/notifications},
  urldate = {2024-01-10}
}